@article{Christensen1991,
  title={Spike Lee, Corporate Populist},
  author={Christensen, Jerome},
  journal={Critical Inquiry},
  volume={17},
  number={3},
  pages={582--595},
  year={1991}
}

@article{Cooper1998,
  title={`The White-Black Fault Line’: Relevancy of Race and Racism in Spectators’ Experiences of Spike Lee’s Do the Right Thing},
  author={Cooper, Brenda},
  journal={Howard Journal of Communications},
  volume={9},
  number={3},
  pages={205--228},
  year={1998},
  doi={10.1080/106461798246998}
}

@article{Johnson2017,
  title={Baltimore 2015, Black Lives Matter and the Prescience of Spike Lee’s Do the Right Thing},
  author={Johnson, Brian C.},
  journal={Film International},
  volume={15},
  number={1},
  pages={23--36},
  year={2017},
  doi={10.1386/fiin.15.1.23_1}
}

@article{Mitchell1991,
  title={Seeing ‘Do the Right Thing’},
  author={Mitchell, W. J. T.},
  journal={Critical Inquiry},
  volume={17},
  number={3},
  pages={596--608},
  year={1991}
}

@online{ColorBlindRacism,
  title={The Linguistics of Color Blind Racism: How to Talk Nasty about Blacks without Sounding ‘Racist’},
  year={Accessed April 8, 2024},
  url={https://doi.org/10.1177/08969205020280010501}
}
